<record xmlns:xsi="http://www.w3.org/2001/XMLSchema-instance" xmlns="http://www.loc.gov/MARC21/slim" xsi:schemaLocation="http://www.loc.gov/MARC21/slim http://www.loc.gov/standards/marcxml/schema/MARC21slim.xsd">

  <leader>00341nam a2200121Ia 4500</leader>
  <datafield ind2=" " tag="999" ind1=" ">
    <subfield code="c">985</subfield>
    <subfield code="d">985</subfield>
  </datafield>
  <controlfield tag="008">171003b1997    cr ||||| |||| 00| | spa d</controlfield>
  <datafield ind2=" " tag="020" ind1=" ">
    <subfield code="a">9977303010</subfield>
  </datafield>
  <datafield ind1=" " ind2=" " tag="090">
    <subfield code="a">04.02.01 </subfield>
    <subfield code="b">753</subfield>
  </datafield>
  <datafield ind1="1" ind2=" " tag="100">
    <subfield code="a">Sagastume Gemmell, Marco Antonio</subfield>
    <subfield code="9">3160</subfield>
  </datafield>
  <datafield ind2="3" tag="245" ind1="1">
    <subfield code="a">La protección de los derechos humanos en América /</subfield>
    <subfield code="c">Marco A. Sagastume Gemmell</subfield>
  </datafield>
  <datafield ind2=" " tag="260" ind1=" ">
    <subfield code="a">San José, Costa Rica : </subfield>
    <subfield code="b">CSUCA, </subfield>
    <subfield code="c">1997</subfield>
  </datafield>
  <datafield ind1=" " ind2=" " tag="300">
    <subfield code="a">104 páginas</subfield>
  </datafield>
  <datafield ind1="1" ind2="4" tag="650">
    <subfield code="a">DERECHOS HUMANOS</subfield>
    <subfield code="9">588</subfield>
  </datafield>
  <datafield tag="650" ind2="4" ind1="1">
    <subfield code="a">LEGISLACIÓN</subfield>
    <subfield code="9">45</subfield>
  </datafield>
  <datafield ind2="4" tag="650" ind1="1">
    <subfield code="a">ECONOMÍA</subfield>
    <subfield code="9">344</subfield>
  </datafield>
  <datafield ind1=" " ind2=" " tag="942">
    <subfield code="2">z</subfield>
    <subfield code="c">01</subfield>
  </datafield>
</record>